@techreport{las-19-nist,
  author =	 {Gregor von Laszewski, Wo. L Chang},
  institution =	 {National Institute of Standards and Technology},
  title =	 {NIST Big Data Interoperability Framework: Volume 8,
                  Reference Architecture Interfaces},
  url =
                  {https://nvlpubs.nist.gov/nistpubs/SpecialPublications/NIST.SP.1500-9r1.pdf},
  year =	 2019,
  month =	 oct
}

@Misc{cloudmesh-manual,
  author =	 {Gregor von Laszewski},
  title =	 {Cloudmesh Manual},
  howpublished = {Web Page},
  month =	 nov,
  year =	 2020,
  url =		 {https://cloudmesh.github.io/cloudmesh-manual/}
}

@Misc{cloudmesh-openapi-install,
  author =	 {{Gregor von Laszewski et.al.}},
  title =	 {Cloudmesh OpenAPI Instalation Instructions},
  howpublished = {Web Page},
  month =	 nov,
  year =	 2020,
  url =
                  {https://github.com/cloudmesh/cloudmesh-openapi/blob/main/README.md}
}

@Misc{cloudmesh-openapi-benchmark,
  author =	 {von Laszewski, Gregor and Richard Otten and Anthony
                  Orlowski and Caleb Wilson},
  title =	 {Benchmarking Multi-Cloud Auto Generated AI Services},
  howpublished = {Web Page},
  month =	 nov,
  year =	 2020,
  url =
                  {https://github.com/cloudmesh/cloudmesh-openapi/blob/main/paper/_index.md}
}
