@techreport{las-19-openapi-function,
  author =	 {von Laszewski, Gregor and Anthony Orlowski and Richard H. Otten and Reilly Markowitz and Sunny Gandhi and Adam Chai and Geoffrey C. Fox and Wo L. Chang},
  institution =	 {Indiana University},
  title =	 {Using GAS for Speedy Generation of Hybrid Multi-Cloud Auto Generated AI Services},
  url = {https://github.com/laszewski/laszewski.github.io/raw/master/papers/vonLaszewski-openapi.pdf},
  year =	 2020,
  note = {submitted for publication},
  month =	 dec
}


@techreport{las-19-nist,
  author =	 {Gregor von Laszewski, Wo. L Chang},
  institution =	 {National Institute of Standards and Technology},
  title =	 {NIST Big Data Interoperability Framework: Volume 8,
                  Reference Architecture Interfaces},
  url =
                  {https://nvlpubs.nist.gov/nistpubs/SpecialPublications/NIST.SP.1500-9r1.pdf},
  year =	 2019,
  month =	 oct
}

@Misc{cloudmesh-manual,
  author =	 {Gregor von Laszewski},
  title =	 {Cloudmesh Manual},
  howpublished = {Web Page},
  month =	 nov,
  year =	 2020,
  url =		 {https://cloudmesh.github.io/cloudmesh-manual/}
}

@Misc{cloudmesh-openapi-install,
  author =	 {{Gregor von Laszewski et.al.}},
  title =	 {Cloudmesh OpenAPI Instalation Instructions},
  howpublished = {Web Page},
  month =	 nov,
  year =	 2020,
  url =
                  {https://github.com/cloudmesh/cloudmesh-openapi/blob/main/README.md}
}

@Misc{cloudmesh-openapi-benchmark,
  author =	 {von Laszewski, Gregor and Richard Otten and Anthony
                  Orlowski and Caleb Wilson},
  title =	 {Benchmarking Multi-Cloud Auto Generated AI Services},
  howpublished = {Web Page},
  month =	 nov,
  year =	 2020,
  url =
                  {https://github.com/cloudmesh/cloudmesh-openapi/blob/main/paper/_index.md}
}
